@article{Grah10,
 author = {Graham, Martin and Kennedy, Jessie},
 title = {A Survey of Multiple Tree Visualisation},
 journal = {Information Visualization},
 issue_date = {Winter 2010},
 volume = {9},
 number = {4},
 month = dec,
 year = {2010},
 issn = {1473-8716},
 pages = {235--252},
 numpages = {18},
 url = {http://dx.doi.org/10.1057/ivs.2009.29},
 doi = {10.1057/ivs.2009.29},
 acmid = {1991825},
 publisher = {Palgrave Macmillan},
 keywords = {layout techniques, multiple trees, survey},
} 

@inproceedings{Ecke10,
 author = {Eckersley, Peter},
 title = {How Unique is Your Web Browser?},
 booktitle = {Proceedings of the 10th International Conference on Privacy Enhancing Technologies},
 series = {PETS'10},
 year = {2010},
 isbn = {3-642-14526-4, 978-3-642-14526-1},
 location = {Berlin, Germany},
 pages = {1--18},
 numpages = {18},
 url = {http://dl.acm.org/citation.cfm?id=1881151.1881152},
 acmid = {1881152},
 publisher = {Springer-Verlag},
 address = {Berlin, Heidelberg},
} 

@inproceedings{Chi,
 author = {Chi, Ed H.},
 title = {A Taxonomy of Visualization Techniques Using the Data State Reference Model},
 booktitle = {Proceedings of the IEEE Symposium on Information Vizualization 2000},
 series = {INFOVIS '00},
 year = {2000},
 isbn = {0-7695-0804-9},
 pages = {69--},
 url = {http://dl.acm.org/citation.cfm?id=857190.857691},
 acmid = {857691},
 publisher = {IEEE Computer Society},
 address = {Washington, DC, USA},
 keywords = {Information Visualization, Data State Model, Reference Model, Taxonomy, Techniques, Operators},
} 

%@Proceedings{Ecke10,
%title = {How Unique Is Your Browser?, Proceedings of the Privacy Enhancing Technologies Symposium},
%author = {P. Eckersley},
%year = {(PETS) 2010},
%OPTkey = {•},
%OPTeditor = {•},
%OPTvolume = {•},
%OPTnumber = {•},
%OPTseries = {10},
%OPTaddress = {Berlin, Germany},
%OPTmonth = {July},
%OPTorganization = {Electronic Frontier Foundation},
%OPTpublisher = {Springer Lecture Notes in Computer Science},
%OPTnote = {•},
%OPTannote = {•}
%}

@inproceedings{Boda,
 author = {Boda, K\'{a}roly and F\"{o}ldes, \'{A}d\'{a}m M\'{a}t{\'e} and Guly\'{a}s, G\'{a}bor Gy\"{o}rgy and Imre, S\'{a}ndor},
 title = {User Tracking on the Web via Cross-browser Fingerprinting},
 booktitle = {Proceedings of the 16th Nordic Conference on Information Security Technology for Applications},
 series = {NordSec'11},
 year = {2012},
 isbn = {978-3-642-29614-7},
 location = {Tallinn, Estonia},
 pages = {31--46},
 numpages = {16},
 url = {http://dx.doi.org/10.1007/978-3-642-29615-4_4},
 doi = {10.1007/978-3-642-29615-4_4},
 acmid = {2341497},
 publisher = {Springer-Verlag},
 address = {Berlin, Heidelberg},
 keywords = {profiling, user identification, user tracking, web privacy},
} 

@online{Yaho17,
author = {Daniel AJ Sokolov},
title = {Rekordhack bei Yahoo war drei Mal so groß},
year = {2017},
url = {https://www.heise.de/security/meldung/Rekordhack-bei-Yahoo-war-drei-Mal-so-gross-3849303.html},
OPTsubtitle = {•},
OPTtitleaddon = {•},
OPTlanguage = {german},
OPTversion = {•},
OPTnote = {•},
OPTorganization = {Heise Medien GmbH & Co. KG},
OPTdate = {04},
OPTmonth = {10},
OPTaddendum = {•},
OPTpubstate = {•},
OPTurldate = {•},
}

@online{treemap,
author = {S. Ribecca},
title = {The Data Visualisation Catalogue},
year = {},
url = {https://datavizcatalogue.com/methods/treemap.html},
OPTsubtitle = {•},
OPTtitleaddon = {•},
OPTlanguage = {english},
OPTversion = {•},
OPTnote = {•},
OPTorganization = {},
OPTdate = {},
OPTmonth = {},
OPTaddendum = {•},
OPTpubstate = {•},
OPTurldate = {•},
}

@online{HTTP,
author = {R. Fielding J.Gettys  J. Mogul  H. Frystyk L. Masinter  P. Leach T. Berners-Lee},
title = {Hypertext Transfer Protocol -- HTTP/1.1},
year = {June 1999},
url = {https://tools.ietf.org/html/rfc2616},
shorthand = {RFC2616},
OPTsubtitle = {•},
OPTtitleaddon = {•},
OPTlanguage = {english},
OPTversion = {•},
OPTnote = {•},
OPTorganization = {},
OPTdate = {},
OPTmonth = {},
OPTaddendum = {•},
OPTpubstate = {•},
OPTurldate = {•},
}

@online{RFC5737,
author = {J. Arkko M. Cotton L. Vegoda},
title = {IPv4 Address Blocks Reserved for Documentation},
year = {January 2010},
url = {https://tools.ietf.org/html/rfc5737},
shorthand = {RFC5737},
OPTsubtitle = {•},
OPTtitleaddon = {•},
OPTlanguage = {english},
OPTversion = {•},
OPTnote = {•},
OPTorganization = {},
OPTdate = {},
OPTmonth = {},
OPTaddendum = {•},
OPTpubstate = {•},
OPTurldate = {•},
}

@online{RFC7231,
author = {R. Fielding J. Reschke},
title = {Hypertext Transfer Protocol (HTTP/1.1): Semantics and Content},
year = {June 2014},
url = {https://tools.ietf.org/html/rfc7231},
shorthand = {RFC7231},
OPTsubtitle = {•},
OPTtitleaddon = {•},
OPTlanguage = {english},
OPTversion = {•},
OPTnote = {•},
OPTorganization = {},
OPTdate = {},
OPTmonth = {},
OPTaddendum = {•},
OPTpubstate = {•},
OPTurldate = {•},
}

@online{RFC1321,
author = {R. Rivest},
title = {The MD5 Message-Digest Algorithm},
year = {April 1992},
url = {https://tools.ietf.org/html/rfc1321},
shorthand = {RFC1321},
OPTsubtitle = {•},
OPTtitleaddon = {•},
OPTlanguage = {english},
OPTversion = {•},
OPTnote = {•},
OPTorganization = {},
OPTdate = {},
OPTmonth = {},
OPTaddendum = {•},
OPTpubstate = {•},
OPTurldate = {•},
}

@online{MDN,
author = {F. Scholz},
title = {User-Agent},
year = {2017},
url = {https://developer.mozilla.org/en-US/docs/Web/HTTP/Headers/User-Agent},
OPTsubtitle = {•},
OPTtitleaddon = {•},
OPTlanguage = {english},
OPTversion = {•},
OPTnote = {•},
OPTorganization = {mozilla.org},
OPTdate = {},
OPTmonth = {},
OPTaddendum = {•},
OPTpubstate = {•},
OPTurldate = {•},
}

@online{ASPDoc,
author = {D. Roth Rick A. Shaun Luttin},
title = {Introduction to ASP.NET Core},
year = {2018},
url = {https://docs.microsoft.com/en-us/aspnet/core/?view=aspnetcore-2.1},
OPTsubtitle = {•},
OPTtitleaddon = {•},
OPTlanguage = {english},
OPTversion = {•},
OPTnote = {•},
OPTorganization = {mozilla.org},
OPTdate = {},
OPTmonth = {},
OPTaddendum = {•},
OPTpubstate = {•},
OPTurldate = {•},
}

@inproceedings{Tor,
 author = {Dingledine, Roger and Mathewson, Nick and Syverson, Paul},
 title = {Tor: The Second-generation Onion Router},
 booktitle = {Proceedings of the 13th Conference on USENIX Security Symposium - Volume 13},
 series = {SSYM'04},
 year = {2004},
 location = {San Diego, CA},
 pages = {21--21},
 numpages = {1},
 url = {http://dl.acm.org/citation.cfm?id=1251375.1251396},
 acmid = {1251396},
 publisher = {USENIX Association},
 address = {Berkeley, CA, USA},
} 
