@article{Grah10,
	Author = {Martin Graham and Jessie Kennedy},
	Journal = {Information Visualization},
	Volume = 9,
	Number = 4,
	Pages = {235 – 252},
	Title = {A survey of multiple tree visualisation},
	Year = 2010
}

@article{Grah10,
	Author = {Martin Graham, Jessie Kennedy},
	Journal = {Information Visualization},
	Volume = 9,
	Number = 4,
	Pages = {235 – 252},
	Title = {A survey of multiple tree visualisation},
	Year = 2010
}

